@book{hyndman2021forecasting,
  title={Forecasting: Principles and Practice},
  author={Hyndman, Rob J and Athanasopoulos, George},
  year={2021},
  publisher={OTexts},
  edition={3rd}
}

@book{shumway2017time,
  title={Time Series Analysis and Its Applications: With R Examples},
  author={Shumway, Robert H and Stoffer, David S},
  year={2017},
  publisher={Springer},
  edition={4th}
}

@misc{ine2024tourism,
  title={Tourism Statistics - Accommodation},
  author={{Instituto Nacional de Estatística}},
  year={2024},
  url={https://www.ine.pt/}
}

@article{gössling2020pandemics,
  title={Pandemics, tourism and global change: a rapid assessment of COVID-19},
  author={G{\"o}ssling, Stefan and Scott, Daniel and Hall, C Michael},
  journal={Journal of Sustainable Tourism},
  volume={29},
  number={1},
  pages={1--20},
  year={2020}
}
